<record><leader>00000cas a22000007a 4500</leader><controlfield tag="001">12813092</controlfield><controlfield tag="008">851118d18821941sduwr ne      0    0eng  </controlfield><datafield ind1=" " ind2=" " tag="010"><subfield code="a">sn 85042713 </subfield></datafield><datafield ind1=" " ind2=" " tag="040"><subfield code="a">DLC</subfield><subfield code="b">eng</subfield><subfield code="c">DLC</subfield><subfield code="d">SXN</subfield><subfield code="d">OCLCO</subfield><subfield code="d">OCLCQ</subfield><subfield code="d">OCLCF</subfield></datafield><datafield ind1="1" ind2=" " tag="029"><subfield code="a">AU@</subfield><subfield code="b">000021135161</subfield></datafield><datafield ind1=" " ind2=" " tag="042"><subfield code="a">msc</subfield></datafield><datafield ind1=" " ind2=" " tag="043"><subfield code="a">n-us-sd</subfield></datafield><datafield ind1="0" ind2="0" tag="050"><subfield code="a">Newspaper 9744-X</subfield></datafield><datafield ind1="0" ind2="0" tag="245"><subfield code="a">Mellette tribune.</subfield></datafield><datafield ind1=" " ind2=" " tag="260"><subfield code="a">Mellette, Spink County, Dakota [S.D.] :</subfield><subfield code="b">C.N. Keith and M.A. Briggs</subfield></datafield><datafield ind1=" " ind2=" " tag="300"><subfield code="a">v.</subfield></datafield><datafield ind1=" " ind2=" " tag="310"><subfield code="a">Weekly</subfield></datafield><datafield ind1="1" ind2=" " tag="362"><subfield code="a">Began in 1882; ceased in 1941.</subfield></datafield><datafield ind1=" " ind2=" " tag="530"><subfield code="a">Available on microfilm from: State Archives, South Dakota State Historical Society.</subfield></datafield><datafield ind1=" " ind2=" " tag="588"><subfield code="a">Description based on: Vol. 1, no. 2 (Jan. 11, 1883).</subfield></datafield><datafield ind1=" " ind2="0" tag="651"><subfield code="a">Mellette (S.D.)</subfield><subfield code="v">Newspapers.</subfield></datafield><datafield ind1=" " ind2="0" tag="651"><subfield code="a">Spink County (S.D.)</subfield><subfield code="v">Newspapers.</subfield></datafield><datafield ind1=" " ind2="7" tag="655"><subfield code="a">Newspapers.</subfield><subfield code="2">fast</subfield><subfield code="0">(OCoLC)fst01423814</subfield></datafield><datafield ind1=" " ind2="7" tag="651"><subfield code="a">South Dakota</subfield><subfield code="z">Mellette.</subfield><subfield code="2">fast</subfield><subfield code="0">(OCoLC)fst01887669</subfield></datafield><datafield ind1=" " ind2="7" tag="651"><subfield code="a">South Dakota</subfield><subfield code="z">Spink County.</subfield><subfield code="2">fast</subfield><subfield code="0">(OCoLC)fst01215590</subfield></datafield><datafield ind1=" " ind2=" " tag="752"><subfield code="a">United States</subfield><subfield code="b">South Dakota</subfield><subfield code="c">Spink</subfield><subfield code="d">Mellette.</subfield></datafield><datafield ind1="0" ind2="0" tag="780"><subfield code="t">Western enterprise</subfield><subfield code="w">(DLC)sn2001063156</subfield></datafield></record>